@InProceedings{scalability_def,
    author=         {Xian-He Sun and Yong Chen and Wu, Ming},
    booktitle=      {Parallel Processing, 2005. ICPP 2005. 
                    International Conference on},
    title=          {Scalability of heterogeneous computing},
    year=           {2005},
    month=          {June},
    pages=          {557-564},
    doi=            {10.1109/ICPP.2005.69},
    ISSN=           {0190-3918}
}

@InProceedings{mashup_def,
    author=         {Du Zhiquan and Yu Nan and Cheng Bo and Chen Junliang},
    booktitle=      {Computer Science and Network Technology (ICCSNT), 
                    2011 International Conference on},
    title=          {Data mashup in the internet of things},
    year=           {2011},
    month=          {Dec},
    volume=         {2},
    pages=          {948-952},
    doi=            {10.1109/ICCSNT.2011.6182118}
}
